@comment{AAA}

@inproceedings{Abad2018,
  doi = {10.1145/3210459.3210471},
  url = {https://doi.org/10.1145/3210459.3210471},
  year = {2018},
  month = jun,
  publisher = {{ACM}},
  author = {Zahra Shakeri Hossein Abad and Oliver Karras and Kurt Schneider and Ken Barker and Mike Bauer},
  title = {Task interruption in software development projects},
  booktitle = {Proc. {CEASE'18}}
}

@article{Aiken1975,
  author = {Edwin G. Aiken and Gary S. Thomas and William A. Shennum},
  title = {Memory for a Lecture: Effects of Notes, Lecture Rate, and Informational Density},
  journal = {Journal of Educational Psychology},
  volume = {67},
  number = {3},
  pages = {439--444},
  year = {1975},
  publisher = {American Psychological Association ({APA})},
  doi = {10.1037/h0076613},
  link = {https://doi.org/10.1037/h0076613}
}

@article{Alba2019,
  author = {Davey Alba},
  title = {A Multimillion-Dollar Startup Hid a Sexual Harassment Incident by Its CEO---Then a Community of Outsiders Dragged It Into the Light},
  journal = {{BuzzFeed News}},
  day = {13},
  month = may,
  year = {2019},
  link = {https://www.buzzfeednews.com/article/daveyalba/datacamp-sexual-harassment-metoo-tech-startup}
}

@article{AlencarDaCosta2017,
  doi = {10.1007/s10664-017-9548-7},
  url = {https://doi.org/10.1007/s10664-017-9548-7},
  year = {2017},
  month = nov,
  publisher = {Springer Science and Business Media {LLC}},
  volume = {23},
  number = {2},
  pages = {835--904},
  author = {Daniel {Alencar da Costa} and Shane McIntosh and Christoph Treude and Uir{\'{a}} Kulesza and Ahmed E. Hassan},
  title = {The Impact of Rapid Release Cycles on the Integration Delay of Fixed Issues},
  journal = {Empirical Software Engineering}
}

@inproceedings{Almeida2017,
  doi = {10.1109/icpc.2017.7},
  url = {https://doi.org/10.1109/icpc.2017.7},
  year = {2017},
  month = may,
  publisher = {{IEEE}},
  author = {Daniel A. Almeida and Gail C. Murphy and Greg Wilson and Mike Hoye},
  title = {Do Software Developers Understand Open Source Licenses?},
  booktitle = {Proc. {ICPC'17}}
}

@inproceedings{Altadmri2015,
  doi = {10.1145/2676723.2677258},
  url = {https://doi.org/10.1145/2676723.2677258},
  year = {2015},
  month = feb,
  publisher = {{ACM}},
  author = {Amjad Altadmri and Neil C.C. Brown},
  title = {37 Million Compilations: Investigating Novice Programming Mistakes in Large-Scale Student Data},
  booktitle = {Proc. {SIGCSE'15}}
}

@book{Aurora2019,
  author = {Valerie Aurora and Mary Gardiner},
  title = {How to Respond to Code of Conduct Reports},
  publisher = {Frame Shift Consulting LLC},
  edition = {Version 1.1},
  year = {2019},
  isbn = {978-1386922575},
  link = {https://files.frameshiftconsulting.com/books/cocguide.pdf}
}

@article{Aveling2013,
  author = {Emma-Louise Aveling and Peter McCulloch and Mary Dixon-Woods},
  title = {A Qualitative Study Comparing Experiences of the Surgical Safety Checklist in Hospitals in High-Income and Low-Income Countries},
  journal = {{BMJ} Open},
  volume = {3},
  number = {8},
  year = {2013},
  month = {8},
  publisher = {BMJ},
  doi = {10.1136/bmjopen-2013-003039},
  link = {https://doi.org/10.1136/bmjopen-2013-003039}
}

@comment{BBB}

@inproceedings{Bacchelli2013,
  author = {Alberto Bacchelli and Christian Bird},
  title = {Expectations, Outcomes, and Challenges of Modern Code Review},
  booktitle = {Proc. {ICSE'13}},
  year = {2013}
}

@book{Barker2010,
  author = {Kathy Barker},
  title = {At the Helm: Leading Your Laboratory},
  publisher = {Cold Spring Harbor Laboratory},
  year = {2010},
  isbn = {978-0879698669}
}

@inproceedings{Begel2014,
  doi = {10.1145/2568225.2568233},
  url = {https://doi.org/10.1145/2568225.2568233},
  year = {2014},
  month = may,
  publisher = {{ACM}},
  author = {Andrew Begel and Thomas Zimmermann},
  title = {Analyze This! 145 Questions for Data Scientists in Software Engineering},
  booktitle = {Proc. {ICSE'14}}
}

@inproceedings{Behroozi2020,
  doi = {10.1145/3377815.3381372},
  url = {https://doi.org/10.1145/3377815.3381372},
  year = {2020},
  publisher = {{ACM}},
  author = {Mahnaz Behroozi and Shivani Shirolkar and Titus Barik and Chris Parnin},
  title = {Debugging Hiring: What Went Right and What Went Wrong in the Technical Interview Process},
  booktitle = {Proc. {ICSE'20}}
}

@book{Berger2008,
  author = {Arthur Asa Berger},
  title = {Manufacturing Desire: Media, Popular Culture, and Everyday Life},
  publisher = {Transaction Publishers},
  year = {2008},
  isbn = {978-1412807654}
}

@article{Bohay2011,
  author = {Mark Bohay and Daniel P. Blakely and Andrea K. Tamplin and Gabriel A. Radvansky},
  title = {Note Taking, Review, Memory, and Comprehension},
  journal = {American Journal of Psychology},
  volume = {124},
  number = {1},
  pages = {63},
  year = {2011},
  publisher = {University of Illinois Press},
  doi = {10.5406/amerjpsyc.124.1.0063},
  link = {https://doi.org/10.5406/amerjpsyc.124.1.0063}
}

@book{Brookfield2016,
  author = {Stephen D. Brookfield and Stephen Preskill},
  title = {The Discussion Book: 50 Great Ways to Get People Talking},
  year = {2016},
  publisher = {Jossey-Bass},
  isbn = {978-1119049715}
}

@book{Brooks1995,
  author = {Frederick P. {Brooks, Jr.}},
  title = {The Mythical Man-Month: Essays on Software Engineering},
  edition = {anniversary edition},
  year = {1995},
  publisher = {Addison-Wesley Professional},
  isbn = {978-0201835953}
}

@book{Brown2007,
  author = {Michael Jacoby Brown},
  title = {Building Powerful Community Organizations: A Personal Guide to Creating Groups that Can Solve Problems and Change the World},
  year = {2007},
  publisher = {Long Haul Press},
  isbn = {978-0977151806}
}

@book{Brown2011,
  editor = {Amy Brown and Greg Wilson},
  title = {The Architecture of Open Source Applications: Elegance, Evolution, and a Few Fearless Hacks},
  year = {2011},
  publisher = {Lulu},
  ISBN = {978-1257638017},
  url = {https://aosabook.org}
}

@book{Brown2012,
  editor = {Amy Brown and Greg Wilson},
  title = {The Architecture of Open Source Applications: Structure, Scale, and a Few More Fearless Hacks},
  year = {2012},
  publisher = {Lulu},
  ISBN = {978-0201103427},
  url = {https://aosabook.org}
}

@inproceedings{Byckling2005,
  doi = {10.1145/1094855.1094972},
  url = {https://doi.org/10.1145/1094855.1094972},
  year = {2005},
  publisher = {{ACM} Press},
  author = {Pauli Byckling and Petri Gerdt and Jorma Sajaniemi},
  title = {Roles of Variables in Object-Oriented Programming},
  booktitle = {Proc. {OOPSLA'05}}
}

@comment{CCC}

@inproceedings{Cherubini2007,
  author = {Mauro Cherubini and Gina Venolia and Rob DeLine and Amy J. Ko},
  title = {Let's Go to the Whiteboard: How and Why Software Developers Use Drawings},
  booktitle = {Proc. {CHI'07}},
  year = {2007},
  publisher = {{ACM}},
  doi = {10.1145/1240624.1240714}
}

@incollection{Cohen2010,
  author = {Jason Cohen},
  title = {Modern Code Review},
  booktitle = {Making Software},
  editor = {Andy Oram and Greg Wilson},
  year = {2010},
  isbn = {978-0596808327},
  publisher = {O'Reilly}
}

@comment{DDD}

@comment{EEE}

@comment{FFF}

@book{Feathers2004,
  author = {Michael C. Feathers},
  title = {Working Effectively with Legacy Code},
  publisher = {Prentice-Hall},
  year = {2004},
  isbn = {978-0131177055}
}

@misc{Fogel2021,
  author = {Karl Fogel},
  title = {Producing Open Source Software},
  year = {2021},
  url = {https://producingoss.com}
}

@inproceedings{Ford2016,
  author = {Denae Ford and Justin Smith and Philip J. Guo and Chris Parnin},
  title = {Paradise Unplugged: Identifying Barriers for Female Participation on Stack Overflow},
  booktitle = {Proc. {FSE'16}},
  year = {2016},
  isbn = {978-1-4503-4218-6},
  pages = {846--857},
  doi = {10.1145/2950290.2950331}
}

@book{Forsgren2018,
  author = {Nicole Forsgren and Jez Humble and Gene Kim},
  title = {Accelerate: The Science of DevOps},
  publisher = {{IT} Revolution Press},
  year = {2017},
  isbn = {978-1942788331}
}

@article{Freeman1972,
  author = {Jo Freeman},
  title = {The Tyranny of Structurelessness},
  journal = {The Second Wave},
  volume = {2},
  number = {1},
  year = {1972}
}

@book{Fowler2018,
  author = {Martin Fowler},
  title = {Refactoring: Improving the Design of Existing Code},
  edition = {2nd},
  publisher = {Addison-Wesley Professional},
  year = {2018},
  isbn = {978-0134757599}
}

@inproceedings{Fucci2016,
  doi = {10.1145/2961111.2962592},
  url = {https://doi.org/10.1145/2961111.2962592},
  year = {2016},
  month = sep,
  publisher = {{ACM}},
  author = {Davide Fucci and Giuseppe Scanniello and Simone Romano and Martin Shepperd and Boyce Sigweni and Fernando Uyaguari and Burak Turhan and Natalia Juristo and Markku Oivo},
  title = {An External Replication on the Effects of Test-driven Development Using a Multi-site Blind Analysis Approach},
  booktitle = {Proc. {ESEM'16}}
}

@article{Fucci2020,
  doi = {10.1109/tse.2018.2834900},
  url = {https://doi.org/10.1109/tse.2018.2834900},
  year = {2020},
  month = jan,
  publisher = {Institute of Electrical and Electronics Engineers ({IEEE})},
  volume = {46},
  number = {1},
  pages = {1--19},
  author = {Davide Fucci and Giuseppe Scanniello and Simone Romano and Natalia Juristo},
  title = {Need for Sleep: The Impact of a Night of Sleep Deprivation on Novice Developers' Performance},
  journal = {{IEEE} Transactions on Software Engineering}
}
@comment{GGG}

@article{Gawande2007,
  author = {Atul Gawande},
  title = {The Checklist},
  journal = {The New Yorker},
  year = {2007},
  month = {12},
  day = {10},
  link = {https://www.newyorker.com/magazine/2007/12/10/the-checklist}
}

@article{Gomez2019,
  doi = {10.1016/j.jnma.2019.01.006},
  year = {2019},
  month = {8},
  publisher = {Elsevier},
  volume = {111},
  number = {4},
  pages = {383--392},
  author = {L.E. Gomez and Patrick Bernet},
  title = {Diversity Improves Performance and Outcomes},
  journal = {Journal of the National Medical Association}
}

@article{Gompers2018,
  author = {Paul Gompers and Silpa Kovvali},
  title = {The Other Diversity Dividend},
  journal = {Harvard Business Review},
  volume = {96},
  number = {4},
  year = {2018},
  pages = {72--77}
}

@comment{HHH}

@misc{Hanselman2012,
  author = {Scott Hanselman},
  title = {Dark Matter Developers: The Unseen 99\%},
  year = {2012},
  url = {https://www.hanselman.com/blog/dark-matter-developers-the-unseen-99}
}

@article{Hatton2008,
  author = {Les Hatton},
  title = {Testing the Value of Checklists in Code Inspections},
  journal = {IEEE Software},
  volume = {25},
  number = {4},
  month = jul,
  year = {2008},
  doi = {10.1109/ms.2008.100}
}

@incollection{Herraiz2010,
  author = {Israel Herraiz and Ahmed E. Hassan},
  title = {Beyond Lines of Code: Do We Need More Complexity Metrics?},
  booktitle = {Making Software},
  editor = {Andy Oram and Greg Wilson},
  year = {2010},
  isbn = {978-0596808327},
  publisher = {O'Reilly}
}

@book{Hunt1999,
  author = {Andrew Hunt and David Thomas},
  title = {The Pragmatic Programmer: From Journeyman to Master},
  publisher = {Addison-Wesley},
  year = {1999},
  isbn = {978-0201616224}
}

@article{Huppenkothen2018,
  author = {Daniela Huppenkothen and Anthony Arendt and David W. Hogg and Karthik Ram and Jacob T. VanderPlas and Ariel Rokem},
  title = {Hack Weeks as a Model for Data Science Education and Collaboration},
  journal = {Proc.\ National Academy of Sciences},
  volume = {115},
  number = {36},
  pages = {8872--8877},
  month = {aug},
  year = {2018},
  doi = {10.1073/pnas.1717196115}
}

@comment{III}

@book{Irving2021,
  author = {Damien Irving and Kate Hertweck and Luke Johnston and Joel Ostblom and Charlotte Wickham and Greg Wilson},
  title = {Research Software Engineering with Python: Building Software that Makes Research Possible},
  publisher = {CRC Press/Taylor and Francis},
  year = {2021},
  isbn = {978-0367698348},
  link = {https://merely-useful.github.io/py-rse/}
}

@comment{JJJ}

@book{Johnson2017,
  author = {Jeff Johnson and Kate Finn},
  title = {Designing User Interfaces for an Aging Population: Towards Universal Design},
  year = {2017},
  isbn = {978-0128044674},
  publisher = {Morgan Kaufmann}
}

@comment{KKK}

@book{Kerievsky2004,
  author = {Joshua Kerievsky},
  title = {Refactoring to Patterns},
  publisher = {Addison-Wesley Professional},
  year = {2004},
  isbn = {978-0321213358}
}

@book{Kim2016,
  author = {Gene Kim and Patrick Debois and John Willis and Jez Humble},
  title = {The {DevOps} Handbook},
  year = {2016},
  publisher = {{IT} Revolution Press},
  isbn = {978-1942788003}
}

@book{Kuchner2011,
  author = {Marc J. Kuchner},
  title = {Marketing for Scientists: How to Shine in Tough Times},
  year = {2011},
  publisher = {Island Press},
  isbn = {1597269948},
  link = {https://isbndb.com/book/1597269948},
  note = {A short, readable guide to making people aware of, and care about, your work.}
}

@comment{LLL}

@article{Leitao2019,
  doi = {10.1080/07370024.2019.1685883},
  url = {https://doi.org/10.1080/07370024.2019.1685883},
  year = {2019},
  month = {Dec},
  publisher = {Informa {UK} Limited},
  pages = {1--40},
  author = {Roxanne Leit{\~{a}}o},
  title = {Technology-Facilitated Intimate Partner Abuse: a qualitative analysis of data from online domestic abuse forums},
  journal = {Human--Computer Interaction}
}

@article{Lin2020,
  doi = {10.1371/journal.pcbi.1008469},
  url = {https://doi.org/10.1371/journal.pcbi.1008469},
  year = {2020},
  month = dec,
  publisher = {Public Library of Science ({PLoS})},
  volume = {16},
  number = {12},
  pages = {e1008469},
  author = {Sarah Lin and Ibraheem Ali and Greg Wilson},
  editor = {Francis Ouellette},
  title = {Ten Quick Tips for Making Things Findable},
  journal = {{PLoS} Computational Biology}
}

@comment{MMM}

@article{Majumder2019,
  author = {Suvodeep Majumder and Joymallya Chakraborty and Amritanshu Agrawal and Tim Menzies},
  title = {Why Software Projects need Heroes: Lessons Learned from 1100+ Projects},
  journal = {arxiv.org},
  volume = {abs/1904.09954},
  year = {2019},
  url = {http://arxiv.org/abs/1904.09954},
  eprint = {1904.09954}
}

@book{Manns2015,
  author = {Mary Lynn Manns and Linda Rising},
  title = {Fearless Change: Patterns for Introducing New Ideas},
  year = {2015},
  publisher = {Addison-Wesley},
  isbn = {978-0201741575}
}

@inproceedings{Mark2008,
  author = {Gloria Mark and Daniela Gudith and Ulrich Klocke},
  title = {The Cost of Interrupted Work: More Speed and Stress},
  booktitle = {Proc. CHI'08},
  year = {2008},
  doi = {10.1145/1357054.1357072}
}

@inproceedings{McIntosh2021,
  doi = {10.1145/3408877.3432435},
  url = {https://doi.org/10.1145/3408877.3432435},
  year = {2021},
  month = mar,
  publisher = {{ACM}},
  author = {Lukas McIntosh and Caroline D. Hardin},
  title = {Do Hackathon Projects Change the World? An Empirical Analysis of {GitHub} Repositories},
  booktitle = {Proc. {SIGCSE'21}}
}

@book{Meyer1994,
  author = {Bertrand Meyer},
  title = {Object-Oriented Software Construction},
  publisher = {Prentice-Hall},
  year = {1994},
  isbn = {978-0136290490}
}

@article{Miller1956,
  author = {George A. Miller},
  title = {The Magical Number Seven, Plus or Minus Two: Some Limits on Our Capacity for Processing Information},
  journal = {Psychological Review},
  volume = {63},
  number = {2},
  pages = {81--97},
  year = {1956},
  publisher = {American Psychological Association ({APA})},
  doi = {10.1037/h0043158}
}

@article{Minahan1986,
  author = {Anne Minahan},
  title = {Martha's Rules},
  journal = {Affilia},
  volume = {1},
  number = {2},
  pages = {53--56},
  month = {6},
  year = {1986},
  publisher = {{SAGE} Publications},
  doi = {10.1177/088610998600100206},
  note = {Describes a lightweight set of rules for consensus-based decision making.}
}

@comment{NNN}

@inproceedings{Nakshatri2016,
  doi = {10.1145/2901739.2903499},
  url = {https://doi.org/10.1145/2901739.2903499},
  year = {2016},
  month = may,
  publisher = {{ACM}},
  author = {Suman Nakshatri and Maithri Hegde and Sahithi Thandra},
  title = {Analysis of Exception Handling Patterns in {Java} Projects},
  booktitle = {Proc. {MSR'16}}
}

@comment{OOO}

@book{ODuinn2021,
  author = {John {O'Duinn}},
  title = {Distributed Teams: The Art and Practice of Working Together While Physically Apart},
  edition = {2nd},
  publisher = {Release Mechanix},
  year = {2021},
  isbn = {978-1732254923}
}

@book{OReilly2010,
  author = {Terry {O'Reilly} and Mike Tennant},
  title = {The Age of Persuasion: How Marketing Ate Our Culture},
  publisher = {Vintage Canada},
  year = {2010},
  isbn = {978-0307397324}
}

@comment{PPP}

@article{Palomba2021,
  doi = {10.1109/tse.2018.2883603},
  url = {https://doi.org/10.1109/tse.2018.2883603},
  year = {2021},
  month = jan,
  publisher = {Institute of Electrical and Electronics Engineers ({IEEE})},
  volume = {47},
  number = {1},
  pages = {108--129},
  author = {Fabio Palomba and Damian Andrew Tamburri and Francesca Arcelli Fontana and Rocco Oliveto and Andy Zaidman and Alexander Serebrenik},
  title = {Beyond Technical Aspects: How Do Community Smells Influence the Intensity of Code Smells?},
  journal = {{IEEE} Transactions on Software Engineering}
}

@article{Parnas1986,
  author = {David Lorge Parnas and Paul C. Clements},
  title = {A Rational Design Process: How and Why to Fake It},
  journal = {{IEEE} Transactions on Software Engineering},
  volume = {{SE}-12},
  number = {2},
  pages = {251--257},
  year = {1986},
  month = {2},
  publisher = {{IEEE}},
  doi = {10.1109/tse.1986.6312940}
}

@inproceedings{Patitsas2016,
  doi = {10.1145/2960310.2960312},
  url = {https://doi.org/10.1145/2960310.2960312},
  year = {2016},
  month = aug,
  publisher = {{ACM}},
  author = {Elizabeth Patitsas and Jesse Berlin and Michelle Craig and Steve Easterbrook},
  title = {Evidence That Computer Science Grades are not Bimodal},
  booktitle = {Proc. {ICER'16}}
}

@book{Perri2018,
  author = {Melissa Perri},
  title = {Escaping the Build Trap: How Effective Product Management Creates Real Value},
  publisher = {O'Reilly},
  year = {2018},
  isbn = {978-1491973790}
}

@inproceedings{Petre2013,
  author = {Marian Petre},
  title = {{UML} in Practice},
  booktitle = {Proc. {ICSE'13}},
  year = {2013},
  pages = {722--731},
  doi = {10.5555/2486788.2486883}
}

@inproceedings{Petre2014,
  author = {Marian Petre and Greg Wilson},
  title = {Code Review For and By Scientists},
  booktitle = {Proc.\ Second Workshop on Sustainable Software for Science: Practice and Experience},
  year = {2014},
  URL = {http://arxiv.org/abs/1407.5648},
  DOI = {arXiv:1407.5648}
}

@article{Prechelt2000,
  author = {Lutz Prechelt},
  title = {An Empirical Comparison of Seven Programming Languages},
  journal = {{IEEE} Computer},
  volume = {33},
  number = {10},
  year = {2000},
  doi = {10.1109/2.876288}
}

@comment{QQQ}

@comment{RRR}

@article{Ramsay2019,
  author = {G. Ramsay and A. B. Haynes and S. R. Lipsitz and I. Solsky and J. Leitch and A. A. Gawande and M. Kumar},
  title = {Reducing surgical mortality in Scotland by use of the {WHO} Surgical Safety Checklist},
  journal = {{BJS}},
  publisher = {Wiley},
  month = {4},
  year  = {2019},
  doi = {10.1002/bjs.11151},
  note = {Found that the introduction of surgical checklists in Scottish hospitals significantly reduced mortality rates.}
}

@misc{Robinson2005,
  author = {Evan Robinson},
  title = {Why Crunch Mode Doesn't Work: 6 Lessons},
  year = {2005},
  publisher = {International Game Developers Association ({IGDA})},
  howpublished = {\url{http://www.igda.org/articles/erobinson_crunch.php}}
}

@comment{SSS}

@article{Scanlan1989,
  author = {David A. Scanlan},
  title = {Structured Flowcharts Outperform Pseudocode: An Experimental Comparison},
  journal = {{IEEE} Software},
  volume = {6},
  number = {5},
  pages = {28--36},
  year = {1989},
  month = {9},
  publisher = {{IEEE}},
  doi = {10.1109/52.35587}
}

@book{Schon1984,
  author = {Donald A. Schön},
  title = {The Reflective Practitioner: How Professionals Think In Action},
  year = {1984},
  publisher = {Basic Books},
  isbn = {978-0465068782}
}

@book{Scott1987,
  author = {James C. Scott},
  title = {Weapons of the Weak: Everyday Forms of Peasant Resistance},
  publisher = {Yale University Press},
  year = {1987},
  isbn = {978-0300036411}
}

@inproceedings{Sedano2017,
  doi = {10.1109/icse.2017.20},
  url = {https://doi.org/10.1109/icse.2017.20},
  year = {2017},
  month = may,
  publisher = {{IEEE}},
  author = {Todd Sedano and Paul Ralph and Cecile Peraire},
  title = {Software development waste},
  booktitle = {Proc. {ICSE'17}}
}

@article{Sholler2019,
  doi = {10.1371/journal.pcbi.1007296},
  year = {2019},
  month = {9},
  publisher = {{PLoS}},
  volume = {15},
  number = {9},
  pages = {e1007296},
  author = {Dan Sholler and Igor Steinmacher and Denae Ford and Mara Averick and Mike Hoye and Greg Wilson},
  title = {Ten Simple Rules for Helping Newcomers Become Contributors to Open Projects},
  journal = {{PLoS} Computational Biology}
}

@incollection{Shull2010,
  author = {Forrest Shull and Grigori Melnik and Burak Turhan and Lucas Layman and Madeline Diep and Hakan Erdogmus},
  title = {What Do We Know about Test-Driven Development?},
  booktitle = {Making Software},
  editor = {Andy Oram and Greg Wilson},
  year = {2010},
  isbn = {978-0596808327},
  publisher = {O'Reilly}
}

@article{Smalls2021,
  doi = {10.1371/journal.pcbi.1008563},
  url = {https://doi.org/10.1371/journal.pcbi.1008563},
  year = {2021},
  month = {3},
  publisher = {Public Library of Science ({PLoS})},
  volume = {17},
  number = {3},
  pages = {e1008563},
  author = {Danielle Smalls and Greg Wilson},
  editor = {Scott Markel},
  title = {Ten Quick Tips for Staying Safe Online},
  journal = {{PLoS} Computational Biology}
}

@article{Stanton2016,
  doi = {10.1109/mitp.2016.84},
  url = {https://doi.org/10.1109/mitp.2016.84},
  year = {2016},
  month = {Sep},
  publisher = {{IEEE}},
  volume = {18},
  number = {5},
  pages = {26--32},
  author = {Brian Stanton and Mary F. Theofanos and Sandra Spickard Prettyman and Susanne Furman},
  title = {Security Fatigue},
  journal = {{IT} Professional}
}

@article{Stefik2013,
  doi = {10.1145/2534973},
  url = {https://doi.org/10.1145/2534973},
  year = {2013},
  month = nov,
  publisher = {Association for Computing Machinery ({ACM})},
  volume = {13},
  number = {4},
  pages = {1--40},
  author = {Andreas Stefik and Susanna Siebert},
  title = {An Empirical Investigation Into Programming Language Syntax},
  journal = {{ACM} Transactions on Computing Education}
}

@inproceedings{Steinmacher2013,
  author = {Igor Steinmacher and Igor Wiese and Ana Paula Chaves and Marco Aurelio Gerosa},
  title = {Why Do Newcomers Abandon Open Source Software Projects?},
  booktitle = {Proc. {CHASE'13}},
  month = {may},
  year = {2013},
  doi = {10.1109/chase.2013.6614728}
}

@inproceedings{Steinmacher2015,
  doi = {10.1145/2675133.2675215},
  url = {https://doi.org/10.1145/2675133.2675215},
  year = {2015},
  month = feb,
  publisher = {{ACM}},
  author = {Igor Steinmacher and Tayana Conte and Marco Aur{\'{e}}lio Gerosa and David Redmiles},
  title = {Social Barriers Faced by Newcomers Placing Their First Contribution in Open Source Software Projects},
  booktitle = {Proc. {CSCW'15}}
}

@comment{TTT}

@article{Taschuk2017,
  doi = {10.1371/journal.pcbi.1005412},
  url = {https://doi.org/10.1371/journal.pcbi.1005412},
  year = {2017},
  month = apr,
  publisher = {Public Library of Science ({PLoS})},
  volume = {13},
  number = {4},
  pages = {e1005412},
  author = {Morgan Taschuk and Greg Wilson},
  title = {Ten Simple Rules for Making Research Software More Robust},
  journal = {{PLoS} Computational Biology}
}

@book{Thomas2019,
  author = {David Thomas and Andrew Hunt},
  title = {The Pragmatic Programmer: Your Journey to Mastery},
  year = {2019},
  publisher = {Addison-Wesley},
  isbn = {978-0135957059}
}

@incollection{Tichy2010,
  author = {Walter Tichy},
  title = {The Evidence for Design Patterns},
  booktitle = {Making Software},
  editor = {Andy Oram and Greg Wilson},
  year = {2010},
  isbn = {978-0596808327},
  publisher = {O'Reilly}
}

@inproceedings{Tregubov2017,
  doi = {10.1145/3084100.3084116},
  url = {https://doi.org/10.1145/3084100.3084116},
  year = {2017},
  month = jul,
  publisher = {{ACM}},
  author = {Alexey Tregubov and Barry Boehm and Natalia Rodchenko and Jo Ann Lane},
  title = {Impact of task switching and work interruptions on software development processes},
  booktitle = {Proc.\ International Conference on Software and System Process ({ICSSP})}
}

@comment{UUU}

@comment{VVV}

@comment{WWW}

@book{Wenger1999,
  author = {Etienne Wenger},
  title = {Communities of Practice: Learning, Meaning, and Identity},
  publisher = {Cambridge University Press},
  year = {1999},
  isbn = {978-0521663632}
}

@inproceedings{Wessel2020,
  doi = {10.1109/icsme46990.2020.00011},
  url = {https://doi.org/10.1109/icsme46990.2020.00011},
  year = {2020},
  month = sep,
  publisher = {{IEEE}},
  author = {Mairieli Wessel and Alexander Serebrenik and Igor Wiese and Igor Steinmacher and Marco A. Gerosa},
  title = {Effects of Adopting Code Review Bots on Pull Requests to {OSS} Projects},
  booktitle = {Proc. {ICSME'20}}
}

@book{Wickham2017,
  author = {Hadley Wickham and Garrett Grolemund},
  title = {R for Data Science: Import, Tidy, Transform, Visualize, and Model Data},
  publisher = {O'Reilly},
  year = {2017},
  isbn = {978-1491910399}
}

@article{Wilkinson2016,
 title = {The {FAIR} Guiding Principles for Scientific Data Management and Stewardship},
 author = {Mark D. Wilkinson},
 journal = {Scientific Data},
 volume = {3},
 pages = {160018},
 year = {2016}
}

@article{Wilson2014,
  author = {Greg Wilson and D. A. Aruliah and C. Titus Brown and Neil P. Chue Hong and Matt Davis and Richard T. Guy and Steven H. D. Haddock and Kathryn D. Huff and Ian M. Mitchell and Mark D. Plumbley and Ben Waugh and Ethan P. White and Paul Wilson},
  journal = {{PLoS Biology}},
  publisher = {{PLoS}},
  title = {Best Practices for Scientific Computing},
  year = {2014},
  month = {January},
  volume = {12},
  number = {1},
  doi = {10.1371/journal.pbio.1001745}
}

@article{Wilson2017,
  author = {Greg Wilson and Jennifer Bryan and Karen Cranston and Justin Kitzes and Lex Nederbragt and Tracy K. Teal},
  journal = {{PLoS} Computational Biology},
  publisher = {Public Library of Science},
  title = {Good Enough Practices in Scientific Computing},
  year = {2017},
  month = {06},
  volume = {13},
  number = {6},
  pages = {1-20},
  doi = {10.1371/journal.pcbi.1005510},
  link = {https://doi.org/10.1371/journal.pcbi.1005510}
}

@comment{XXX}

@inproceedings{Xu2015,
  doi = {10.1145/2786805.2786852},
  url = {https://doi.org/10.1145/2786805.2786852},
  year = {2015},
  month = aug,
  publisher = {{ACM}},
  author = {Tianyin Xu and Long Jin and Xuepeng Fan and Yuanyuan Zhou and Shankar Pasupathy and Rukma Talwadker},
  title = {Hey, You Have Given Me Too Many Knobs!: Understanding and Dealing With Over-Designed Configuration in System Software},
  booktitle = {Proc. {FSE'15}}
}

@comment{YYY}

@inproceedings{Yuan2014,
  doi = {10.13140/2.1.2044.2889},
  url = {https://doi.org/10.13140/2.1.2044.2889},
  author = {Ding Yuan and Yu Luo and Xin Zhuang and Guilherme {Renna Rodrigues} and Xu Zhao and Pranay U. Jain and Michael Stumm},
  title = {Simple Testing Can Prevent Most Critical Failures{\textemdash}An Analysis of Production Failures in Distributed Data-Intensive Systems},
  booktitle = {Proc. {OSDI'14}},
  year = {2014}
}

@comment{ZZZ}

@inproceedings{Zhu2021,
  doi = {10.1109/msr52588.2021.00065},
  url = {https://doi.org/10.1109/msr52588.2021.00065},
  year = {2021},
  month = may,
  publisher = {{IEEE}},
  author = {Wenhan Zhu and Michael W. Godfrey},
  title = {Mea Culpa: How Developers Fix Their Own Simple Bugs Differently from Other Developers},
  booktitle = {Proc. {MSR'21}}
}

@inproceedings{Zieris2020,
  doi = {10.1145/3377811.3380925},
  url = {https://doi.org/10.1145/3377811.3380925},
  year = {2020},
  month = jun,
  publisher = {{ACM}},
  author = {Franz Zieris and Lutz Prechelt},
  title = {Explaining Pair Programming Session Dynamics from Knowledge Gaps},
  booktitle = {Proc. {ICSE'20}}
}
